@article{lodi2015comparative,
  title={Comparative effectiveness of immediate antiretroviral therapy versus CD4-based initiation in HIV-positive individuals in high-income countries: observational cohort study},
  author={Lodi, Sara and Phillips, Andrew and Logan, Roger and Olson, Ashley and Costagliola, Dominique and Abgrall, Sophie and van Sighem, Ard and Reiss, Peter and Mir{\'o}, Jos{\'e} M and Ferrer, Elena and others},
  journal={The Lancet HIV},
  volume={2},
  number={8},
  pages={e335--e343},
  year={2015},
  publisher={Elsevier}
}

@article{young2011comparative,
  title={Comparative effectiveness of dynamic treatment regimes: an application of the parametric g-formula},
  author={Young, Jessica G and Cain, Lauren E and Robins, James M and O?Reilly, Eilis J and Hern{\'a}n, Miguel A},
  journal={Statistics in biosciences},
  volume={3},
  number={1},
  pages={119--143},
  year={2011},
  publisher={Springer}
}

@article{wright2015international,
  title={International Encyclopedia of the Social and Behavioral Sciences},
  author={Wright, James D},
  year={2015}
}

@article{bang2005doubly,
  title={Doubly robust estimation in missing data and causal inference models},
  author={Bang, Heejung and Robins, James M},
  journal={Biometrics},
  volume={61},
  number={4},
  pages={962--973},
  year={2005},
  publisher={Wiley Online Library}
}

@book{hernan_robins_2016, place={Boca Raton}, title={Causal Inference}, publisher={Chapman \& Hall/CRC}, author={Hernan, Miguel A and Robins, James M}, year={2016}}
forthcoming